@InProceedings{main,
	author = {Begoña Gros and Francisco J. García-Peñalvo},
	title = {Future Trends in the Design Strategies and Technological Affordances of E-Learning},
	booktitle = {Learning, Design, and Technology},
	month = {January},
	year = {2017},
    publisher = {Springer, Cham},
	address = {Switzerland AG 2020}
}


