@InProceedings{main,
	author = {Begoña Gros and Francisco J. García-Peñalvo},
	title = {Future Trends in the Design Strategies and Technological Affordances of E-Learning},
	booktitle = {Learning, Design, and Technology},
	month = {January},
	year = {2017},
    publisher = {Springer, Cham},
	address = {Switzerland AG 2020}
}
@CONFERENCE {conole,
    author    = "Grainne Conole",
    title     = "Digital identity and presence in the social milieu",
    booktitle = "Paper presented at the Pelicon conference",
    year      = "2013"
}
@BOOK {conoleBook,
    author    = "Grainne Conole",
    title     = "Learning design: A practical approach",
    publisher = "Routledge",
    year      = "2017"
}
@ARTICLE {dabbagh,
    author  = "Nada Dabbagh",
    title   = "Pedagogical models for E-Learning: A theory-based design framework.",
    journal = "International Journal of Technology in Teaching and Learning",
    year    = "2005"
}
@ARTICLE {baker,
    author  = "Baker, J. W.",
    title   = "The ‘Classroom Flip’: Using web course management tools to become the guide by the side.",
    journal = "Selected papers from the 11th international conference on college teaching and learning",
    year    = "2000"
}
@ARTICLE {lage,
    author  = "Lage, Platt, Treglia",
    title   = "Inverting the classroom: A gateway to creating an inclusive learning environment.",
    journal = "The Journal of Economic Education",
    year    = "2000"
}
@URL {pedagPostupy,
    author = "teachertrainingmatters.com/blog-1/2015/12/19/learning-theories-in-practice",
    year   = "2015"
}